[gd_scene load_steps=3 format=2]

[ext_resource path="res://Assets/Models/room1.gltf" type="PackedScene" id=1]

[sub_resource type="SpatialMaterial" id=1]

[node name="Scene Root" instance=ExtResource( 1 )]

[node name="Cube" parent="." index="0"]
material/0 = SubResource( 1 )

[node name="Cube004" parent="." index="1"]
material/0 = SubResource( 1 )

[node name="Cube006" parent="." index="2"]
transform = Transform( -1.19209e-07, 0, 1, 0, 0.125, 0, -1, 0, -1.19209e-07, -1.98267, 0.143752, 2.01379 )
material/0 = SubResource( 1 )

[node name="Cube001" parent="." index="3"]
material/0 = SubResource( 1 )

[node name="Cube002" parent="." index="4"]
material/0 = SubResource( 1 )

[node name="Cube003" parent="." index="5"]
material/0 = SubResource( 1 )

[node name="Cube005" parent="." index="6"]
material/0 = SubResource( 1 )

[node name="Cube007" parent="." index="7"]
transform = Transform( -1, 0, -3.25841e-07, 1.28182e-09, 0.124999, -0.00393387, 3.25839e-07, -0.000491733, -0.999992, 2, 0.131545, 2 )
material/0 = SubResource( 1 )

[node name="Cube008" parent="." index="8"]
material/0 = SubResource( 1 )
